@article{Gaur2022,
  author    = {Gaur, L. and Mallik, S. and Jhanjhi, N. Z.},
  title     = {Introduction to DeepFake Technologies},
  booktitle = {Proceedings of the DeepFakes: Creation, Detection, and Impact},
  location  = {New York, NY, USA},
  date      = {8 September 2022},
  year      = {2022}
}

@misc{Korshunov2019,
  author        = {Pavel Korshunov and Sébastien Marcel},
  title         = {DeepFakes: a New Threat to Face Recognition? Assessment and Detection},
  year          = {2019},
  eprint        = {1812.08685},
  archiveprefix = {arXiv},
  primaryclass  = {cs.CV},
  note          = {arXiv preprint arXiv:1812.08685},
  url           = {https://arxiv.org/abs/1812.08685}
}

@article{Tolosana2020,
  author  = {Ruben Tolosana and Ruben Vera-Rodriguez and Julian Fierrez and Aythami Morales and Javier Ortega-Garcia},
  title   = {Deepfakes and beyond: A survey of face manipulation and fake detection},
  journal = {Information Fusion},
  volume  = {64},
  pages   = {131--148},
  year    = {2020},
  doi     = {10.1016/j.inffus.2020.07.001}
}

@article{Bhandari2023,
  author  = {Mohan Bhandari and Arjun Neupane and Saurav Mallik and Loveleen Gaur and Hong Qin},
  title   = {Auguring Fake Face Images Using Dual Input Convolution Neural Network},
  journal = {Journal of Imaging},
  volume  = {9},
  number  = {1},
  pages   = {3},
  year    = {2023},
  doi     = {10.3390/jimaging9010003},
  url     = {https://doi.org/10.3390/jimaging9010003}
}

@article{Guo2022,
  author  = {Ming-Hao Guo and Tian-Xing Xu and Jiang-Jiang Liu and Ze-Nian Liu and Peng-Tao Jiang and Tai-Jiang Mu and Shi-Huang Zhang and Ralph R. Martin and Ming-Ming Cheng and Shi-Min Hu},
  title   = {Attention mechanisms in computer vision: A survey},
  journal = {Computational Visual Media},
  volume  = {8},
  pages   = {331--368},
  year    = {2022},
  doi     = {10.1007/s41095-022-0271-y}
}

@article{Shahi2021,
  author  = {Tara B. Shahi and Chhabi Sitaula},
  title   = {Natural language processing for Nepali text: A review},
  journal = {Artificial Intelligence Review},
  volume  = {55},
  pages   = {3401--3429},
  year    = {2021},
  doi     = {10.1007/s10462-021-10093-1}
}

@article{Sitaula2022,
  author  = {Chhabi Sitaula and Tara B. Shahi},
  title   = {Monkeypox virus detection using pre-trained deep learning-based approaches},
  journal = {Journal of Medical Systems},
  volume  = {46},
  pages   = {1--9},
  year    = {2022},
  doi     = {10.1007/s10916-022-01868-2}
}

@inproceedings{Bhandari2022,
  author    = {Mohan Bhandari and Sujan Panday and Chandra P. Bhatta and Sudeep P. Panday},
  title     = {Image Steganography Approach Based Ant Colony Optimization with Triangular Chaotic Map},
  booktitle = {Proceedings of the 2022 2nd International Conference on Innovative Practices in Technology and Management (ICIPTM)},
  location  = {Gautam Buddha Nagar, India},
  date      = {23--25 February 2022},
  volume    = {2},
  pages     = {429--434},
  year      = {2022}
}

@incollection{Gaur2022,
  author    = {Loveleen Gaur and Bikram M. Sahoo},
  title     = {Introduction to Explainable AI and Intelligent Transportation},
  booktitle = {Explainable Artificial Intelligence for Intelligent Transportation Systems: Ethics and Applications},
  publisher = {Springer International Publishing},
  address   = {Cham, Switzerland},
  year      = {2022},
  pages     = {1--25}
}

@inproceedings{Wang2020,
  author    = {Dong Wang and Yulia Arzhaeva and Lavanya Devnath and Min Qiao and Sina Amirgholipour and Qian Liao and Robert McBean and John Hillhouse and Shiying Luo and David Meredith and others},
  title     = {Automated Pneumoconiosis Detection on Chest X-Rays Using Cascaded Learning with Real and Synthetic Radiographs},
  booktitle = {Proceedings of the 2020 Digital Image Computing: Techniques and Applications (DICTA)},
  location  = {Melbourne, Australia},
  date      = {29 November--2 December 2020},
  pages     = {1--6},
  year      = {2020}
}

@misc{Tran2017,
  author        = {Luan Tran and Xi Yin and Xiaoming Liu},
  title         = {Representation Learning by Rotating Your Faces},
  year          = {2017},
  eprint        = {1705.11136},
  archiveprefix = {arXiv},
  primaryclass  = {cs.CV},
  url           = {https://arxiv.org/abs/1705.11136}
}

@inproceedings{Dang2020,
  author    = {Huy H. Dang and Feng Liu and Jourdan Stehouwer and Xiaoming Liu and Anil K. Jain},
  title     = {On the detection of digital face manipulation},
  booktitle = {Proceedings of the IEEE/CVF Conference on Computer Vision and Pattern Recognition (CVPR)},
  location  = {Nashville, TN, USA},
  date      = {20--25 June 2020},
  pages     = {5781--5790},
  year      = {2020}
}

@inproceedings{Rossler2019,
  author    = {Andreas Rossler and Davide Cozzolino and Luisa Verdoliva and Christian Riess and Justus Thies and Matthias Nießner},
  title     = {Faceforensics++: Learning to detect manipulated facial images},
  booktitle = {Proceedings of the IEEE/CVF International Conference on Computer Vision (ICCV)},
  location  = {Seoul, Republic of Korea},
  date      = {27 October--2 November 2019},
  pages     = {1--11},
  year      = {2019}
}

@article{Li2022,
  author  = {Shuang Li and Vishwanath Dutta and Xiang He and Tomohiro Matsumaru},
  title   = {Deep Learning Based One-Class Detection System for Fake Faces Generated by GAN Network},
  journal = {Sensors},
  volume  = {22},
  number  = {20},
  pages   = {7767},
  year    = {2022},
  doi     = {10.3390/s22207767}
}

@misc{Wong2022,
  author        = {Alexander D. Wong},
  title         = {BLADERUNNER: Rapid Countermeasure for Synthetic (AI-Generated) StyleGAN Faces},
  year          = {2022},
  eprint        = {2210.06587},
  archiveprefix = {arXiv},
  primaryclass  = {cs.CV},
  url           = {https://doi.org/10.48550/ARXIV.2210.06587},
  note          = {Accessed on 31 October 2022}
}

@phdthesis{Zotov2022,
  author  = {Eugene Zotov},
  title   = {StyleGAN-Based Machining Digital Twin for Smart Manufacturing},
  school  = {University of Sheffield},
  address = {Sheffield, UK},
  year    = {2022}
}

@article{Damiani2019,
  author  = {Jesse Damiani},
  title   = {A Voice Deepfake Was Used to Scam a CEO Out of \$243,000},
  journal = {Forbes},
  year    = {2019},
  note    = {[Online]. Available: \url{https://www.forbes.com/sites/jessedamiani/2019/09/03/a-voice-deepfake-was-used-to-scam-a-ceo-out-of-243000/?sh=66e1686a2241}}
}

@article{CyberNews2021,
  author = {CyberNews},
  title  = {Report: Number of Deepfakes Double Every Six Months},
  year   = {2021},
  note   = {[Online]. Available: \url{https://cybernews.com/privacy/report-number-of-expert-crafted-video-deepfakes-double-every-six-months}}
}

@misc{IBMExplainableAI,
  author = {IBM},
  title  = {Explainable AI},
  note   = {[Online]. Available: \url{https://www.ibm.com/watson/explainable-ai}}
}

@article{Goodman2017,
  author  = {Bryce Goodman and Seth Flaxman},
  title   = {European Union Regulations on Algorithmic Decision-Making and a 'Right to Explanation'},
  journal = {AI Magazine},
  volume  = {38},
  number  = {3},
  pages   = {50--57},
  year    = {2017}
}

@article{Khan2021,
  author  = {M. H. M. Khan and N. B. Jahangeer and W. Dullull and S. Nathire and X. Gao and others},
  title   = {Class Classification of Breast Cancer Abnormalities Using Deep Convolutional Neural Network (CNN)},
  journal = {PLOS ONE},
  volume  = {16},
  number  = {8},
  pages   = {1--15},
  year    = {2021},
  doi     = {10.1371/journal.pone.0257426}
}

@article{Alam2021,
  author  = {K. N. Alam and M. S. Khan and A. R. Dhruba and M. M. Khan and J. F. Al-Amri and others},
  title   = {Deep Learning-Based Sentiment Analysis of COVID-19 Vaccination Responses from Twitter Data},
  journal = {Computational and Mathematical Methods in Medicine},
  volume  = {2021},
  number  = {4321131},
  pages   = {1--15},
  year    = {2021},
  doi     = {10.1155/2021/4321131}
}

@inproceedings{Guarnera2020,
  author    = {Luca Guarnera and Oliver Giudice and Sebastiano Battiato},
  title     = {DeepFake Detection by Analyzing Convolutional Traces},
  booktitle = {Proceedings of the 2020 IEEE/CVF Conference on Computer Vision and Pattern Recognition Workshops (CVPRW)},
  location  = {Seattle, WA, USA},
  pages     = {2841--2850},
  year      = {2020}
}

@misc{Saha2018,
  author       = {Soumik Saha},
  title        = {A Comprehensive Guide to Convolutional Neural Networks—The ELI5 Way},
  year         = {2018},
  howpublished = {\url{https://tinyurl.com/towards-data-science-cnn}},
  note         = {[Online]. Available: Accessed on 20 July 2024}
}

@inproceedings{Patel2020,
  author    = {Meet Patel and Arpit Gupta and Sudeep Tanwar and Mohammad S. Obaidat},
  title     = {Trans-DF: A Transfer Learning-Based End-to-End Deepfake Detector},
  booktitle = {Proceedings of the IEEE 5th International Conference on Computing Communication and Automation (ICCCA)},
  location  = {Greater Noida, India},
  pages     = {796--801},
  year      = {2020}
}

@misc{AnalyticsVidhya2021,
  author       = {Analytics Vidhya},
  title        = {Convolutional Neural Networks (CNN)},
  year         = {2021},
  howpublished = {\url{https://www.analyticsvidhya.com/blog/2021/05/convolutional-neural-networks-cnn/}},
  note         = {[Online]. Available: Accessed on 20 July 2024}
}

@article{Bhandari2022,
  author  = {Mohan Bhandari and Tara B. Shahi and Bishnu Siku and Arjun Neupane},
  title   = {Explanatory Classification of CXR Images into COVID-19, Pneumonia and Tuberculosis using Deep Learning and XAI},
  journal = {Computers in Biology and Medicine},
  volume  = {150},
  pages   = {106156},
  year    = {2022},
  doi     = {10.1016/j.compbiomed.2022.106156}
}

@incollection{BachmaierWinter2022,
  author    = {Laura Bachmaier Winter},
  title     = {Criminal Investigation, Technological Development, and Digital Tools: Where Are We Heading?},
  booktitle = {Investigating and Preventing Crime in the Digital Era},
  publisher = {Springer},
  address   = {Berlin, Germany},
  year      = {2022},
  pages     = {3--17}
}

@article{Hall2022,
  author  = {Sarah W. Hall and Amin Sakzad and Kim-Kwang Raymond Choo},
  title   = {Explainable Artificial Intelligence for Digital Forensics},
  journal = {Wiley Interdisciplinary Reviews: Forensic Science},
  volume  = {4},
  number  = {4},
  pages   = {e1434},
  year    = {2022},
  doi     = {10.1002/wfs2.1434}
}

@misc{SHAP,
  author = {Scott M. Lundberg and Su-In Lee},
  title  = {SHAP (SHapley Additive exPlanations) Documentation},
  year   = {2021},
  url    = {https://shap.readthedocs.io/en/latest/},
  note   = {Accessed: 20 July 2024}
}

@article{Lundberg2017,
  author    = {Scott M. Lundberg and Su-In Lee},
  title     = {A Unified Approach to Interpreting Model Predictions},
  booktitle = {Advances in Neural Information Processing Systems 30},
  editor    = {Isabelle Guyon and Ulrike Von Luxburg and Samy Bengio and Hanna Wallach and Rob Fergus and S. V. N. Vishwanathan and Roman Garnett},
  publisher = {Curran Associates, Inc.},
  address   = {London, UK},
  year      = {2017},
  pages     = {4765--4774}
}

@misc{Kaggle140kFaces,
  author       = {Kaggle},
  title        = {140k Real and Fake Faces},
  howpublished = {\url{https://www.kaggle.com/xhlulu/140k-real-and-fake-faces}},
  note         = {[Online]. Available: Accessed on 20 July 2024}
}

@misc{DataScientest2021,
  author       = {DataScientest},
  title        = {Google Colab: The Power of the Cloud for Machine Learning},
  year         = {2021},
  howpublished = {\url{https://datascientest.com/en/google-colab-the-power-of-the-cloud-for-machine-learning}},
  note         = {[Online]. Available: Accessed on 20 July 2024}
}

@inproceedings{Xu2022,
  author    = {Ying Xu and Kiran Raja and Magnus Pedersen},
  title     = {Supervised Contrastive Learning for Generalizable and Explainable DeepFakes Detection},
  booktitle = {Proceedings of the IEEE/CVF Winter Conference on Applications of Computer Vision (WACV) Workshops},
  location  = {Waikoloa, HI, USA},
  date      = {4--8 January 2022},
  pages     = {379--389},
  year      = {2022}
}

@inproceedings{Fu2019,
  author    = {Yuan Fu and Tao Sun and Xujie Jiang and Kui Xu and Ping He},
  title     = {Robust GAN-Face Detection Based on Dual-Channel CNN Network},
  booktitle = {Proceedings of the 2019 12th International Congress on Image and Signal Processing, BioMedical Engineering and Informatics (CISP-BMEI)},
  location  = {Suzhou, China},
  date      = {19--21 October 2019},
  pages     = {1--5},
  year      = {2019},
  doi       = {10.1109/CISP-BMEI48845.2019.8965937}
}

@article{Salman2022,
  author  = {Fayez M. Salman and Samy S. Abu-Naser},
  title   = {Classification of Real and Fake Human Faces Using Deep Learning},
  journal = {International Journal of Academic Engineering Research (IJAER)},
  volume  = {6},
  pages   = {1--14},
  year    = {2022}
}

@inproceedings{Zhang2017,
  author    = {Yu Zhang and Lei Zheng and Victor L. L. Thing},
  title     = {Automated Face Swapping and Its Detection},
  booktitle = {Proceedings of the 2017 IEEE 2nd International Conference on Signal and Image Processing (ICSIP)},
  location  = {Singapore},
  date      = {4--6 August 2017},
  pages     = {15--19},
  year      = {2017},
  doi       = {10.1109/SIPROCESS.2017.8124533}
}

@misc{Durall2019,
  author        = {Ricard Durall and Margret Keuper and Franz-Josef Pfreundt and Joerg Keuper},
  title         = {Unmasking DeepFakes with Simple Features},
  year          = {2019},
  eprint        = {1911.00686},
  archiveprefix = {arXiv},
  primaryclass  = {cs.CV},
  url           = {https://arxiv.org/abs/1911.00686}
}

@inproceedings{Gandhi2020,
  author    = {Ankit Gandhi and Shruti Jain},
  title     = {Adversarial Perturbations Fool DeepFake Detectors},
  booktitle = {Proceedings of the 2020 International Joint Conference on Neural Networks (IJCNN)},
  location  = {Glasgow, UK},
  date      = {19--24 July 2020},
  pages     = {1--8},
  year      = {2020}
}


@article{Yousaf2022,
  author  = {Bilal Yousaf and Muhammad Usama and Waqas Sultani and Arif Mahmood and Junaid Qadir},
  title   = {Fake Visual Content Detection Using Two-Stream Convolutional Neural Networks},
  journal = {Neural Computing and Applications},
  volume  = {34},
  pages   = {7991--8004},
  year    = {2022},
  doi     = {10.1007/s00521-022-06817-2}
}

@inproceedings{Hu2021,
  author    = {Sheng Hu and Yue Li and Siwei Lyu},
  title     = {Exposing GAN-Generated Faces Using Inconsistent Corneal Specular Highlights},
  booktitle = {Proceedings of the ICASSP 2021 IEEE International Conference on Acoustics, Speech and Signal Processing (ICASSP)},
  location  = {Toronto, ON, Canada},
  date      = {6--11 June 2021},
  pages     = {2500--2504},
  year      = {2021},
  doi       = {10.1109/ICASSP39728.2021.9413521}
}

@article{Nightingale2021,
  author  = {Sophie Nightingale and Shruti Agarwal and Eric Härkönen and Jaakko Lehtinen and Hany Farid},
  title   = {Synthetic Faces: How Perceptually Convincing Are They?},
  journal = {Journal of Vision},
  volume  = {21},
  number  = {9},
  pages   = {2015},
  year    = {2021},
  doi     = {10.1167/jov.21.9.2015}
}

@inproceedings{Ribeiro2016,
  author    = {Marco Tulio Ribeiro and Sameer Singh and Carlos Guestrin},
  title     = {Why Should I Trust You?: Explaining the Predictions of Any Classifier},
  booktitle = {Proceedings of the 22nd ACM SIGKDD International Conference on Knowledge Discovery and Data Mining (KDD)},
  location  = {New York, NY, USA},
  pages     = {1114--1135},
  year      = {2016},
  doi       = {10.1145/2939672.2939778}
}
